<?xml version="1.0" encoding="UTF-8"?><collection xmlns="http://www.loc.gov/MARC21/slim"><record><leader>00404nam--2200145-i-4500</leader><controlfield tag="001">000025174</controlfield><controlfield tag="002">20161230</controlfield><controlfield tag="005">20170207161643</controlfield><controlfield tag="008">060222s1000------------r-----000-0-eng-d</controlfield><datafield ind1=" " ind2=" " tag="040"><subfield code="a">IFIN-HH</subfield></datafield><datafield ind1=" " ind2=" " tag="100"><subfield code="a">Anderson, James L</subfield></datafield><datafield ind1=" " ind2=" " tag="245"><subfield code="a">Principles of Relativity Physics</subfield><subfield code="b">James L, Anderson</subfield></datafield><datafield ind1=" " ind2=" " tag="260"><subfield code="a">New York, Academic Press, 1967 XVIIi + 484 P</subfield></datafield><datafield ind1=" " ind2=" " tag="852"><subfield code="a">75763</subfield><subfield code="b">530.12</subfield></datafield><datafield ind1=" " ind2=" " tag="CAT"><subfield code="a">SYS</subfield><subfield code="c">20170207</subfield><subfield code="h">161643</subfield></datafield></record></collection>